@article{turing37,
  author = {Turing, A. M.}, 
  title = {On Computable Numbers, with an Application to the Entscheidungsproblem},
  volume = {s2-42}, 
  number = {1}, 
  pages = {230-265}, 
  year = {1937}, 
  doi = {10.1112/plms/s2-42.1.230}, 
  URL = {http://plms.oxfordjournals.org/content/s2-42/1/230.short}, 
  eprint = {http://plms.oxfordjournals.org/content/s2-42/1/230.full.pdf+html}, 
  journal = {Proceedings of the London Mathematical Society} 
}
 
@book{biggs02,
  title={Discrete Mathematics},
  author={Biggs, N.},
  isbn={9780198507178},
  lccn={85008964},
  series={Oxford science publications},
  url={https://books.google.ie/books?id=Mj9gzZMrXDIC},
  year={2002},
  publisher={OUP Oxford}
}

@book{sipser2006,
  added-at = {2014-03-03T20:31:33.000+0100},
  author = {Sipser, Michael},
  biburl = {https://www.bibsonomy.org/bibtex/2317441ce12cacafa82cd32c4b2ed95cc/ytyoun},
  edition = {Second},
  interhash = {6d6f89523b99e25120368e673ca59c01},
  intrahash = {317441ce12cacafa82cd32c4b2ed95cc},
  isbn = {7111173279 9787111173274},
  keywords = {automata complexity computation gadget hamiltonian np-hardness sipser textbook},
  publisher = {Course Technology},
  refid = {660595094},
  timestamp = {2016-12-04T08:23:10.000+0100},
  title = {Introduction to the Theory of Computation},
  year = 2006
}

